http://ark.intel.com/products/64590/Intel-Xeon-Processor-E5-2650-20M-Cache-2_00-GHz-8_00-GTs-Intel-QPI